@Article{ref,
    author={S. Hoya White, A. Martin del Rey, G. Rodriguez Sánchez},
    journal={Applied Mathematical Sciences, Vol. 3},
    title={Using Cellular Automata to Simulate Epidemic Diseases},
    year={2007}

}

@Article{ref2,
    author={Shih Ching Fu and George Milne},
    title={Epidemic Modelling Using Cellular Automata -Introceedings of the 1st Australian Conference on Artificial Life(ACAL'03)},
    date={Camberra, December 2003}

}

@Article{ref3,
    title={Cellular Automata Model for Epidemics},
    author={Sharon Chang}

}

@Article{ref4,
    title={Modélisation de la propagation d’un virus},
    author={Victor CAMEO PONZ Laura LANCE Alban MERCIER Jérémy RISSO BOURGÈS Cécile VASSEUR Aurore VIMONT}

}

@Article{ref5,
    title={A History of Epidemiologic Methods and Concepts},
    author={Alfredo MORABIA},
    date={2004}
}
